
https://docs.unity3d.com/Manual/Materials.html
https://docs.blender.org/manual/en/latest/render/materials/

